<record><leader>00000cas a2200000 a 4500</leader><controlfield tag="001">11524806</controlfield><controlfield tag="008">841222d183118uuvtuwr ne      0    0eng c</controlfield><datafield ind1=" " ind2=" " tag="010"><subfield code="a">sn 84027763 </subfield></datafield><datafield ind1=" " ind2=" " tag="040"><subfield code="a">NPU</subfield><subfield code="b">eng</subfield><subfield code="c">NPU</subfield><subfield code="d">DLC</subfield><subfield code="d">NVN</subfield><subfield code="d">OCL</subfield><subfield code="d">NVN</subfield><subfield code="d">OCLCQ</subfield><subfield code="d">OCLCF</subfield><subfield code="d">OCLCO</subfield></datafield><datafield ind1="1" ind2=" " tag="029"><subfield code="a">AU@</subfield><subfield code="b">000025790772</subfield></datafield><datafield ind1=" " ind2=" " tag="042"><subfield code="a">pcc</subfield></datafield><datafield ind1=" " ind2=" " tag="043"><subfield code="a">n-us-vt</subfield></datafield><datafield ind1="0" ind2="0" tag="050"><subfield code="a">Newspaper 9975</subfield></datafield><datafield ind1="0" ind2="0" tag="245"><subfield code="a">Vermont advocate &amp; State paper.</subfield></datafield><datafield ind1="3" ind2=" " tag="246"><subfield code="a">Vermont advocate and State paper</subfield></datafield><datafield ind1="1" ind2="3" tag="246"><subfield code="a">Advocate</subfield></datafield><datafield ind1="1" ind2="3" tag="246"><subfield code="a">Advocate and state paper</subfield></datafield><datafield ind1=" " ind2=" " tag="260"><subfield code="a">Chelsea, Vt. :</subfield><subfield code="b">E. Avery</subfield></datafield><datafield ind1=" " ind2=" " tag="300"><subfield code="a">v. ;</subfield><subfield code="c">56 cm.</subfield></datafield><datafield ind1=" " ind2=" " tag="310"><subfield code="a">Weekly</subfield></datafield><datafield ind1="1" ind2=" " tag="362"><subfield code="a">Began in 1831.</subfield><subfield code="z">Cf. Gregory, W. Amer. newspapers.</subfield></datafield><datafield ind1=" " ind2=" " tag="500"><subfield code="a">Editor: W. Spooner, &lt;1832&gt;.</subfield></datafield><datafield ind1=" " ind2=" " tag="588"><subfield code="a">Description based on: New ser., v. 1, no. 6 (Sept. 2, 1831) = v. 5, no. 27 = whole no. 235.</subfield></datafield><datafield ind1=" " ind2="0" tag="651"><subfield code="a">Chelsea (Vt.)</subfield><subfield code="v">Newspapers.</subfield></datafield><datafield ind1=" " ind2="0" tag="651"><subfield code="a">Vermont</subfield><subfield code="v">Newspapers.</subfield></datafield><datafield ind1=" " ind2="7" tag="655"><subfield code="a">Newspapers.</subfield><subfield code="2">fast</subfield><subfield code="0">(OCoLC)fst01423814</subfield></datafield><datafield ind1=" " ind2="7" tag="651"><subfield code="a">Vermont.</subfield><subfield code="2">fast</subfield><subfield code="0">(OCoLC)fst01204305</subfield></datafield><datafield ind1=" " ind2="7" tag="651"><subfield code="a">Vermont</subfield><subfield code="z">Chelsea.</subfield><subfield code="2">fast</subfield><subfield code="0">(OCoLC)fst01226821</subfield></datafield><datafield ind1="1" ind2=" " tag="700"><subfield code="a">Spooner, Wyaman,</subfield><subfield code="d">1797-1877.</subfield></datafield><datafield ind1=" " ind2=" " tag="752"><subfield code="a">United States</subfield><subfield code="b">Vermont</subfield><subfield code="c">Orange</subfield><subfield code="d">Chelsea.</subfield></datafield><datafield ind1="0" ind2="0" tag="780"><subfield code="t">Vermont advocate</subfield><subfield code="w">(DLC)sn 84023319</subfield><subfield code="w">(OCoLC)10812307</subfield></datafield></record>